<?xml version="1.0" encoding="UTF-8"?><collection xmlns="http://www.loc.gov/MARC21/slim"><record><leader>00391nam--2200133-i-4500</leader><controlfield tag="001">000012818</controlfield><controlfield tag="002">20161230</controlfield><controlfield tag="005">20161230201030</controlfield><controlfield tag="008">060222s1000------------r-----000-0-eng-d</controlfield><datafield ind1=" " ind2=" " tag="080"><subfield code="a">621.375.826:538.9</subfield></datafield><datafield ind1=" " ind2=" " tag="245"><subfield code="a">Cooperative effects in matter and radiation</subfield></datafield><datafield ind1=" " ind2=" " tag="260"><subfield code="a">New York, Plenum Prerss, 1977 Viii + 388 P</subfield></datafield><datafield ind1=" " ind2=" " tag="700"><subfield code="a">Charles M. Bowden, D.W. Howgate And Hermann R.Robl</subfield></datafield><datafield ind1=" " ind2=" " tag="852"><subfield code="a">46545</subfield></datafield></record></collection>